@article{enronsent,
  title={The EnronSent Corpus},
  author={Styler, Will},
  journal={Technical Report 01-2011},
  year={2011},
  note={University of Colorado at Boulder Institute of Cognitive Science, Boulder, CO}
}

@article{nltk,
  title={Natural Language Processing with Python},
  author={Bird, Steven, Edward Loper and Ewan Klein},
  year={2009},
  note={O'Reilly Media Inc}
}

@online{classNotes,
  author = {Elkan, Charles},
  title = {Lecture Notes, CSE 250B: Principles of Artificial Intelligence: Learning},
  year = 2014,
  url = {http://cseweb.ucsd.edu/~elkan/250B/CRFs.pdf},
  urldate = {2010-02-13}
}

@online{auxverbs,
  author = {Wikipedia},
  title = {Auxiliary Verb},
  year = 2014,
  url = {http://en.wikipedia.org/wiki/Auxiliary_verb},
  urldate = {2011-01-14}
}

@inproceedings{maxentpostagger,
  title={A maximum entropy model for part-of-speech tagging},
  author={Ratnaparkhi, Adwait and others},
  booktitle={Proceedings of the conference on empirical methods in natural language processing},
  volume={1},
  pages={133--142},
  year={1996},
  organization={Philadelphia, PA}
}