@inproceedings{elkan2006clustering,
  title={Clustering documents with an exponential-family approximation of the Dirichlet compound multinomial distribution},
  author={Elkan, Charles},
  booktitle={Proceedings of the 23rd international conference on Machine learning},
  pages={289--296},
  year={2006},
  organization={ACM}
}

@inproceedings{nltk,
  title={NLTK: the natural language toolkit},
  author={Bird, Steven},
  booktitle={Proceedings of the COLING/ACL on Interactive presentation sessions},
  pages={69--72},
  year={2006},
  organization={Association for Computational Linguistics}
}

@article{punkt,
  title={Unsupervised multilingual sentence boundary detection},
  author={Kiss, Tibor and Strunk, Jan},
  journal={Computational Linguistics},
  volume={32},
  number={4},
  pages={485--525},
  year={2006},
  publisher={MIT Press}
}

@article{porter,
  title={An algorithm for suffix stripping},
  author={Porter, Martin F},
  journal={Program: electronic library and information systems},
  volume={14},
  number={3},
  pages={130--137},
  year={1980},
  publisher={MCB UP Ltd}
}

@article{banerjee2005clustering,
  title={Clustering on the Unit Hypersphere using von Mises-Fisher Distributions.},
  author={Banerjee, Arindam and Dhillon, Inderjit S and Ghosh, Joydeep and Sra, Suvrit and Ridgeway, Greg},
  journal={Journal of Machine Learning Research},
  volume={6},
  number={9},
  year={2005}
}
@article{griffiths2004finding,
  title={Finding scientific topics},
  author={Griffiths, Thomas L and Steyvers, Mark},
  journal={Proceedings of the National academy of Sciences of the United States of America},
  volume={101},
  number={Suppl 1},
  pages={5228--5235},
  year={2004},
  publisher={National Acad Sciences}
}
@online{classNotes,
  author = {Elkan, Charles},
  title = {Lecture Notes, CSE 250B: Principles of Artificial Intelligence: Learning},
  year = 2014,
  url = {http://cseweb.ucsd.edu/~elkan/250B/CRFs.pdf},
  urldate = {2010-02-13}
}